@article{bbb,
	title={A Tutorial on Kernel Methods for Categorization},
	author={ Bernhard,Frank,Jkel and  Schlkopf  and  Wichmann, F. A. },
	journal={Journal of Mathematical Psychology},
	volume={51},
	number={6},
	pages={343-358},
	year={2007},
}

@article{2022gsnn,
	title={基于Matern~(5/2)核函数高斯过程回归算法的实时对流层内插模型研究},
	author={龙宇浩 and 陶钧},
	journal={测绘地理信息},
	volume={47},
	number={S1},
	pages={205-210},
	year={2022},
}

@article{zxg,
	title={关于统计学习理论与支持向量机},
	author={张学工},
	journal={自动化学报},
	volume={26},
	number={1},
	pages={11},
	year={2000},
}

@article{dsf,
	title={支持向量机理论与算法研究综述},
	author={丁世飞 and 齐丙娟 and 谭红艳 and others},
	journal={电子科技大学学报},
	volume={40},
	number={1},
	pages={2--10},
	year={2011}
}