@book{2005Gaussian,
	title={Gaussian Processes for Machine Learning},
	author={ Rasmussen, C. E.  and  Williams, Cki },
	publisher={Gaussian Processes for Machine Learning},
	year={2005},
}
@article{2007Acorefunc,
	title={A Tutorial on Kernel Methods for Categorization},
	author={ Jkel, Frank  and  Schlkopf, Bernhard  and  Wichmann, F. A. },
	journal={Journal of Mathematical Psychology},
	volume={51},
	number={6},
	pages={343-358},
	year={2007},
}
@article{2022gsnn,
	title={基于Matern~(5/2)核函数高斯过程回归算法的实时对流层内插模型研究},
	author={龙宇浩 and 陶钧},
	journal={测绘地理信息},
	volume={47},
	number={S1},
	pages={205-210},
	year={2022},
}
@phdthesis{jwff,
	title={基于高斯过程的降维方法研究},
	author={姜鑫维},
	school={华中科技大学},
} 
@article{lbq,
	title={改进的平方根UKF及其在交会对接中的应用},
	author={李鹏 and 宋申民 and 段广仁},
	journal={电机与控制学报},
	volume={14},
	number={11},
	pages={5},
	year={2010},
}