@phdthesis{zlj2013,
  title={Study on crystallization and heat transfer mechanism of continuous casting protection slag},
  author={Zhou Lejun},
  year={2013},
  school={Central South University}
}

@phdthesis{yjz2009,
	title={Improving spatial frequency ratio of lifting wavelet transform for image fusion},
	author={Yi Zhengjun and Li Huafeng and Song Ruijing and others},
	year={2009}
}

@article{acharya2021adjacent,
	title={Adjacent LBP and LTP based background modeling with mixed-mode learning for foreground detection},
	author={Acharya, Subhabrata and Nanda, Pradipta Kumar},
	journal={Pattern Analysis and Applications},
	volume={24},
	number={3},
	pages={1047--1074},
	year={2021},
	publisher={Springer}
}

@article{chen2010adaptive,
	title={Adaptive color feature extraction based on image color distributions},
	author={Chen, Wei-Ta and Liu, Wei-Chuan and Chen, Ming-Syan},
	journal={IEEE Transactions on image processing},
	volume={19},
	number={8},
	pages={2005--2016},
	year={2010},
	publisher={IEEE}
}

@article{gjq,
	title={Improved texture feature extraction algorithm based on co-occurrence matrix},
	author={Jiaqiang Gong and Xiaoning Li},
	journal={Computer Engineering and Design},
	volume={32},
	number={6},
	pages={2068--2071},
	year={2011}
}
@inproceedings{hong2018improved,
	title={An improved approach to the cubic-spline interpolation},
	author={Hong, Shao-Hua and Wang, Lin and Truong, Trieu-Kien},
	booktitle={2018 25th IEEE International Conference on Image Processing (ICIP)},
	pages={1468--1472},
	year={2018},
	organization={IEEE}
}

@article{mittelman1996family,
	title={A family intervention to delay nursing home placement of patients with Alzheimer disease: a randomized controlled trial},
	author={Mittelman, Mary S and Ferris, Steven H and Shulman, Emma and Steinberg, Gertrude and Levin, Bruce},
	journal={Jama},
	volume={276},
	number={21},
	pages={1725--1731},
	year={1996},
	publisher={American Medical Association}
}
@article{morris2001mild,
	title={Mild cognitive impairment represents early-stage Alzheimer disease},
	author={Morris, John C and Storandt, Martha and Miller, J Phillip and McKeel, Daniel W and Price, Joseph L and Rubin, Eugene H and Berg, Leonard},
	journal={Archives of neurology},
	volume={58},
	number={3},
	pages={397--405},
	year={2001},
	publisher={American Medical Association}
}

@article{gauthier2006mild,
	title={Mild cognitive impairment},
	author={Gauthier, Serge and Reisberg, Barry and Zaudig, Michael and Petersen, Ronald C and Ritchie, Karen and Broich, Karl and Belleville, Sylvie and Brodaty, Henry and Bennett, David and Chertkow, Howard and others},
	journal={The lancet},
	volume={367},
	number={9518},
	pages={1262--1270},
	year={2006},
	publisher={Elsevier}
}
@article{kinsella2009early,
	title={Early intervention for mild cognitive impairment: a randomised controlled trial},
	author={Kinsella, Glynda J and Mullaly, Elizabeth and Rand, Elizabeth and Ong, Ben and Burton, Carol and Price, Sarah and Phillips, Margaret and Storey, Elsdon},
	journal={Journal of Neurology, Neurosurgery \& Psychiatry},
	volume={80},
	number={7},
	pages={730--736},
	year={2009},
	publisher={BMJ Publishing Group Ltd}
}

@article{schmand1996subjective,
	title={Subjective memory complaints may announce dementia},
	author={Schmand, Ben and Jonker, Cees and Hooijer, Chris and Lindeboom, Jaap},
	journal={Neurology},
	volume={46},
	number={1},
	pages={121--125},
	year={1996},
	publisher={AAN Enterprises}
}


@article{best1992memory,
	title={Memory complaint and memory performance in the elderly: The effects of memory-skills training and expectancy change},
	author={Best, Deborah L and Hamlett, Kim W and Davis, Stephen W},
	journal={Applied Cognitive Psychology},
	volume={6},
	number={5},
	pages={405--416},
	year={1992},
	publisher={Wiley Online Library}
}
@article{mol2006subjective,
	title={Do subjective memory complaints predict cognitive dysfunction over time? A six-year follow-up of the Maastricht Aging Study},
	author={Mol, Martine EM and van Boxtel, Martin PJ and Willems, Dick and Jolles, Jelle},
	journal={International Journal of Geriatric Psychiatry: A journal of the psychiatry of late life and allied sciences},
	volume={21},
	number={5},
	pages={432--441},
	year={2006},
	publisher={Wiley Online Library}
}

@article{pearman2004predictors,
	title={Predictors of subjective memory in older adults},
	author={Pearman, Ann and Storandt, Martha},
	journal={The Journals of Gerontology Series B: Psychological Sciences and Social Sciences},
	volume={59},
	number={1},
	pages={P4--P6},
	year={2004},
	publisher={Oxford University Press}
}
@article{wutong,
	title={Intervention study of music memory training on memory impairment of mild Alzheimer's disease: a case study of Shanghai M welfare house},
	author={Tong Wu and Junhao Ma},
	journal={Social work and administration},
	volume={18},
	number={5},
	pages={33--43},
	year={2018}
}


@article{陈小怡2021神经精神疾病自动分类与预测研究进展,
	title={神经精神疾病自动分类与预测研究进展},
	author={陈小怡 and 周静 and 柯鹏飞 and 孔令茵 and 吴逢春 and 吴凯},
	journal={中国生物医学工程学报},
	volume={40},
	number={6},
	pages={752--763},
	year={2021}
}



@article{crous2017alzheimer,
	title={Alzheimer’s disease prevention: from risk factors to early intervention},
	author={Crous-Bou, Marta and Minguill{\'o}n, Carolina and Gramunt, Nina and Molinuevo, Jos{\'e} Luis},
	journal={Alzheimer's research \& therapy},
	volume={9},
	number={1},
	pages={1--9},
	year={2017},
	publisher={Springer}
}


@article{barnett2014early,
	title={Early intervention in Alzheimer’s disease: a health economic study of the effects of diagnostic timing},
	author={Barnett, Jennifer H and Lewis, Lily and Blackwell, Andrew D and Taylor, Matthew},
	journal={BMC neurology},
	volume={14},
	number={1},
	pages={1--9},
	year={2014},
	publisher={BioMed Central}
}
@book{2005Gaussian,
	title={Gaussian Processes for Machine Learning},
	author={ Rasmussen, C. E.  and  Williams, Cki },
	publisher={Gaussian Processes for Machine Learning},
	year={2005},
}
@article{2007Acorefunc,
	title={A Tutorial on Kernel Methods for Categorization},
	author={ Jkel, Frank  and  Schlkopf, Bernhard  and  Wichmann, F. A. },
	journal={Journal of Mathematical Psychology},
	volume={51},
	number={6},
	pages={343-358},
	year={2007},
}
@article{2022gsnn,
	title={基于Matern~(5/2)核函数高斯过程回归算法的实时对流层内插模型研究},
	author={龙宇浩 and 陶钧},
	journal={测绘地理信息},
	volume={47},
	number={S1},
	pages={205-210},
	year={2022},
}
@phdthesis{jwff,
	title={Research on dimensionality reduction method based on Gaussian Process},
	author={Xinwei Jiang},
	school={Huazhong University of Science and Technology},
	year={2012},
} 
@article{lbq,
	title={Improved square-root UKF and its application in rendezvous and docking},
	author={Peng Li and Shenming Song and Guangren Duan},
	journal={Electric Machines And Control},
	volume={14},
	number={11},
	pages={5},
	year={2010},
}
@journal{BPfruit,
	title={基于BP神经网络的水果识别研究},
	author={于悦洋 and 王冰 and 王静 and 汤乔},
	journal={智能计算机与应用},
	volume={9},
	number={04},
	pages={187-191},
	year={2019}
}

@article{1991Handbook,
	title={Handbook of genetic algorithms},
	author={ Davis, L. },
	journal={Handbook of Genetic Algorithms},
	year={1991},
}
@article{IQGA,
	title={一种改进的量子遗传算法研究},
	author={王竹荣 and 杨波 and 吕兴朝 and 崔杜武},
	journal={西安理工大学学报},
	volume={28},
	number={2},
	pages={7},
	year={2012},
}

@phdthesis{zzw,
	title={插层熔喷气流场模拟及生产工艺参数的优化},
	author={邹志伟},
	school={天津工业大学},
	year={2020},
}
@phdthesis{wh,
	title={插层熔喷气流场模拟及其过滤材料性能的研究},
	author={武辉},
	school={天津工业大学},
	year={2018},
}
@phdthesis{CS,
	title={聚丙烯熔喷非织造布结构和过滤性能的研究},
	author={程思},
	school={浙江理工大学},
	year={2020},
}

@article{chai2021z,
	title={Z-uncertain probabilistic linguistic variables and its application in emergency decision making for treatment of COVID-19 patients},
	author={Chai, Jiahui and Xian, Sidong and Lu, Sichong},
	journal={International Journal of Intelligent Systems},
	volume={36},
	number={1},
	pages={362--402},
	year={2021},
	publisher={Wiley Online Library}
},
@article{quantonGA,
	title={基于量子遗传投影寻踪的长株潭地区耕地系统安全评价[J/OL]},
	author={周浩 and 胡凌 and 陈竹书},
	journal={农业机械学报},
	pages={1-11},
	year={2022-06-23},
	publisher={}
},
@article{wang2017comprehensive,
	title={Comprehensive evaluation of integrative drip-irrigation and fertilization using a projection pursuit model based on the improved double chains quantum genetic algorithm.},
	author={Wang, Bai and Li, YanFeng and Meng, Yan and Liu, Xiao and others},
	journal={Desalination and Water Treatment},
	volume={66},
	pages={229--234},
	year={2017},
	publisher={Balaban Publishers-Desalination Publications}
},
@article{guo2017sparse,
	title={A sparse signal reconstruction method based on improved double chains quantum genetic algorithm},
	author={Guo, Qiang and Ruan, Guoqing and Wan, Jian},
	journal={Symmetry},
	volume={9},
	number={9},
	pages={178},
	year={2017},
	publisher={MDPI}
},
@article{Niu_2022,
	doi = {10.1088/1612-202x/ac8281},
	url = {https://doi.org/10.1088/1612-202x/ac8281},
	year = 2022,
	month = {jul},
	publisher = {{IOP} Publishing},
	volume = {19},
	number = {9},
	pages = {095203},
	author = {Xu-Feng Niu and Wen-Ping Ma},
	title = {An improved multiple populations quantum genetic algorithm},
	journal = {Laser Physics Letters},
	abstract = {With the in-depth study of quantum genetic algorithm (QGA), the defect of premature convergence limits its development more and more. In order to further improve QGA, we propose an improved QGA based on multi population (IQGA). In the process of population initialization in IQGA, we generate multiple populations to avoid a single population falling into a local optimal value. We also abandon the fixed angle used by the traditional quantum revolving gate, and design a strategy to adjust the angle adaptively according to the difference from the optimal solution. In addition, we introduce a population catastrophe strategy to deal with the premature convergence of each population. The populations are connected based on migration operation, and the optimal solution of each population obtained by each iteration is collected in the elite group. A series of simulation experiments show that our improvement strategies of IQGA are effective.}
},

@article{chen2004grey,
	title={Grey linear programming},
	author={Chen, Zhijie and Chen, Qile and Chen, Weizhen and Wang, Yinao},
	journal={Kybernetes},
	year={2004},
	publisher={Emerald Group Publishing Limited}
},

@article{mangasarian2004newton,
	title={A Newton method for linear programming},
	author={Mangasarian, OL},
	journal={Journal of Optimization Theory and Applications},
	volume={121},
	number={1},
	pages={1--18},
	year={2004},
	publisher={Springer}
},
@article{傅德胜2013一种改进的量子遗传算法研究,
	title={一种改进的量子遗传算法研究},
	author={傅德胜 and 张蓉},
	journal={计算机仿真},
	volume={30},
	number={12},
	pages={321--325},
	year={2013}
},
@article{davis1991handbook,
	title={Handbook of genetic algorithms},
	author={Davis, Lawrence},
	year={1991},
	pages={2--8},
	publisher={CumInCAD}
},
@degree{hcg2011,
	title={马尔科夫模型预测方法的研究及其应用},
	author={何成刚},
	school={合肥: 安徽大学},
	year={2011}
},
@article{zmh2000,
	title={线性规划新算法的改进},
	author={张敏洪},
	journal={高校应用数学学报: A 辑},
	volume={15},
	number={1},
	pages={101--106},
	year={2000}
},
@article{sys2002,
	title={一类模糊线性规划模型的模糊最优区间值},
	author={宋业新 and 姜礼平 and 陈绵云},
	journal={模糊系统与数学},
	volume={16},
	number={2},
	pages={86--91},
	year={2002}
}