@book{2005Gaussian,
	title={Gaussian Processes for Machine Learning},
	author={ Rasmussen, C. E.  and  Williams, Cki },
	publisher={Gaussian Processes for Machine Learning},
	year={2005},
}
@article{夏启军1990渐消卡尔曼滤波器的最佳自适应算法及其应用,
	title={渐消卡尔曼滤波器的最佳自适应算法及其应用},
	author={夏启军 and 孙优贤 and 周春晖},
	journal={自动化学报},
	volume={16},
	number={3},
	pages={210--216},
	year={1990}
}
@article{singer2009nelder,
	title={Nelder-mead algorithm},
	author={Singer, Sa{\v{s}}a and Nelder, John},
	journal={Scholarpedia},
	volume={4},
	number={7},
	pages={2928},
	year={2009}
}
@inproceedings{deng2019arcface,
	title={Arcface: Additive angular margin loss for deep face recognition},
	author={Deng, Jiankang and Guo, Jia and Xue, Niannan and Zafeiriou, Stefanos},
	booktitle={Proceedings of the IEEE/CVF conference on computer vision and pattern recognition},
	pages={4690--4699},
	year={2019}
}
@article{cai2018exploring,
	title={Exploring the encoding layer and loss function in end-to-end speaker and language recognition system},
	author={Cai, Weicheng and Chen, Jinkun and Li, Ming},
	journal={arXiv preprint arXiv:1804.05160},
	year={2018}
}

@article{张猛2007基于扩展卡尔曼滤波器的永磁同步电机转速和磁链观测器,
	title={基于扩展卡尔曼滤波器的永磁同步电机转速和磁链观测器},
	author={张猛 and 肖曦 and 李永东},
	journal={中国电机工程学报},
	volume={27},
	number={36},
	pages={36--40},
	year={2007}
}
@article{zzbh2015,
	title={基于鸽群行为机制的多无人机自主编队},
	author={邱华鑫 and 段海滨 and 范彦铭},
	journal={控制理论与应用},
	volume={32},
	number={10},
	pages={1298--1304},
	year={2015}
}
@article{zxdl2011,
	title={对正弦定理和余弦定理的研讨},
	author={黄汉禹},
	journal={数学通报},
	volume={6},
	year={2011}
}
@article{2007Acorefunc,
	title={A Tutorial on Kernel Methods for Categorization},
	author={ Jkel, Frank  and  Schlkopf, Bernhard  and  Wichmann, F. A. },
	journal={Journal of Mathematical Psychology},
	volume={51},
	number={6},
	pages={343-358},
	year={2007},
}
@article{2022gsnn,
	title={基于Matern~(5/2)核函数高斯过程回归算法的实时对流层内插模型研究},
	author={龙宇浩 and 陶钧},
	journal={测绘地理信息},
	volume={47},
	number={S1},
	pages={205-210},
	year={2022},
}
@phdthesis{jwff,
	title={基于高斯过程的降维方法研究},
	author={姜鑫维},
	school={华中科技大学},
} 
@article{lbq,
	title={改进的平方根UKF及其在交会对接中的应用},
	author={李鹏 and 宋申民 and 段广仁},
	journal={电机与控制学报},
	volume={14},
	number={11},
	pages={5},
	year={2010},
}
@journal{BPfruit,
	title={基于BP神经网络的水果识别研究},
	author={于悦洋 and 王冰 and 王静 and 汤乔},
	journal={智能计算机与应用},
	volume={9},
	number={04},
	pages={187-191},
	year={2019}
}

@article{1991Handbook,
	title={Handbook of genetic algorithms},
	author={ Davis, L. },
	journal={Handbook of Genetic Algorithms},
	year={1991},
}
@article{IQGA,
	title={一种改进的量子遗传算法研究},
	author={王竹荣 and 杨波 and 吕兴朝 and 崔杜武},
	journal={西安理工大学学报},
	volume={28},
	number={2},
	pages={7},
	year={2012},
}

@phdthesis{zzw,
	title={插层熔喷气流场模拟及生产工艺参数的优化},
	author={邹志伟},
	school={天津工业大学},
	year={2020},
}
@phdthesis{wh,
	title={插层熔喷气流场模拟及其过滤材料性能的研究},
	author={武辉},
	school={天津工业大学},
	year={2018},
}
@phdthesis{CS,
	title={聚丙烯熔喷非织造布结构和过滤性能的研究},
	author={程思},
	school={浙江理工大学},
	year={2020},
}

@article{chai2021z,
	title={Z-uncertain probabilistic linguistic variables and its application in emergency decision making for treatment of COVID-19 patients},
	author={Chai, Jiahui and Xian, Sidong and Lu, Sichong},
	journal={International Journal of Intelligent Systems},
	volume={36},
	number={1},
	pages={362--402},
	year={2021},
	publisher={Wiley Online Library}
},
@article{quantonGA,
	title={基于量子遗传投影寻踪的长株潭地区耕地系统安全评价[J/OL]},
	author={周浩 and 胡凌 and 陈竹书},
	journal={农业机械学报},
	pages={1-11},
	year={2022-06-23},
	publisher={}
},
@article{wang2017comprehensive,
	title={Comprehensive evaluation of integrative drip-irrigation and fertilization using a projection pursuit model based on the improved double chains quantum genetic algorithm.},
	author={Wang, Bai and Li, YanFeng and Meng, Yan and Liu, Xiao and others},
	journal={Desalination and Water Treatment},
	volume={66},
	pages={229--234},
	year={2017},
	publisher={Balaban Publishers-Desalination Publications}
},
@article{guo2017sparse,
	title={A sparse signal reconstruction method based on improved double chains quantum genetic algorithm},
	author={Guo, Qiang and Ruan, Guoqing and Wan, Jian},
	journal={Symmetry},
	volume={9},
	number={9},
	pages={178},
	year={2017},
	publisher={MDPI}
},
@article{Niu_2022,
	doi = {10.1088/1612-202x/ac8281},
	url = {https://doi.org/10.1088/1612-202x/ac8281},
	year = 2022,
	month = {jul},
	publisher = {{IOP} Publishing},
	volume = {19},
	number = {9},
	pages = {095203},
	author = {Xu-Feng Niu and Wen-Ping Ma},
	title = {An improved multiple populations quantum genetic algorithm},
	journal = {Laser Physics Letters},
	abstract = {With the in-depth study of quantum genetic algorithm (QGA), the defect of premature convergence limits its development more and more. In order to further improve QGA, we propose an improved QGA based on multi population (IQGA). In the process of population initialization in IQGA, we generate multiple populations to avoid a single population falling into a local optimal value. We also abandon the fixed angle used by the traditional quantum revolving gate, and design a strategy to adjust the angle adaptively according to the difference from the optimal solution. In addition, we introduce a population catastrophe strategy to deal with the premature convergence of each population. The populations are connected based on migration operation, and the optimal solution of each population obtained by each iteration is collected in the elite group. A series of simulation experiments show that our improvement strategies of IQGA are effective.}
},

@article{chen2004grey,
	title={Grey linear programming},
	author={Chen, Zhijie and Chen, Qile and Chen, Weizhen and Wang, Yinao},
	journal={Kybernetes},
	year={2004},
	publisher={Emerald Group Publishing Limited}
},

@article{mangasarian2004newton,
	title={A Newton method for linear programming},
	author={Mangasarian, OL},
	journal={Journal of Optimization Theory and Applications},
	volume={121},
	number={1},
	pages={1--18},
	year={2004},
	publisher={Springer}
},
@article{傅德胜2013一种改进的量子遗传算法研究,
	title={一种改进的量子遗传算法研究},
	author={傅德胜 and 张蓉},
	journal={计算机仿真},
	volume={30},
	number={12},
	pages={321--325},
	year={2013}
},
@article{davis1991handbook,
	title={Handbook of genetic algorithms},
	author={Davis, Lawrence},
	year={1991},
	pages={2--8},
	publisher={CumInCAD}
},
@degree{hcg2011,
	title={马尔科夫模型预测方法的研究及其应用},
	author={何成刚},
	school={合肥: 安徽大学},
	year={2011}
},
@article{zmh2000,
	title={线性规划新算法的改进},
	author={张敏洪},
	journal={高校应用数学学报: A 辑},
	volume={15},
	number={1},
	pages={101--106},
	year={2000}
},
@article{sys2002,
	title={一类模糊线性规划模型的模糊最优区间值},
	author={宋业新 and 姜礼平 and 陈绵云},
	journal={模糊系统与数学},
	volume={16},
	number={2},
	pages={86--91},
	year={2002}
}